@misc{WebGLPerformance,
  author = "Ben Vanik, Ken Russell",
  title = "Debugging and Optimizing WebGL Applications",
  howpublished = "\url{https://docs.google.com/presentation/d/12AGAUmElB0oOBgbEEBfhABkIMCL3CUX7kdAPLuwZ964}",
  note = "[Online; 16.05.2014]"
}

@misc{WebGLBrowser,
  author = "Ashley",
  title = "Internet Explorer 11: WebGL and more",
  howpublished = "\url{https://www.scirra.com/blog/125/internet-explorer-11-webgl-and-more}",
  note = "[Online; 16.05.2014]"
}

@misc{DOMBrowser,
  author = "Adam Overa",
  title = "Chrome 27, Firefox 22, IE 10, And Opera next, Benchmarked",
  howpublished = "\url{http://www.tomshardware.com/reviews/chrome-27-firefox-21-opera-next,3534-6.html}",
  note = "[Online; 16.05.2014]"
}

@misc{SpriteJS,
  author = "Batiste Bieler",
  title = "Sprite.js",
  howpublished = "\url{https://github.com/batiste/sprite.js/}",
  note = "[Online; 16.05.2014]"
}

@misc{CSS3_1,
  author = "Diverse",
  title = "CSS Transitions",
  howpublished = "\url{http://www.w3.org/TR/css3-transitions/}",
  note = "[Online; 16.05.2014]"
}

@misc{CSS3_2,
  author = "Diverse",
  title = "CSS Animations",
  howpublished = "\url{http://www.w3.org/TR/css3-animations/}",
  note = "[Online; 16.05.2014]"
}
 
@misc{SVGBrowser,
  author = "Stephen Bannasch",
  title = "Serious Performance Regression in Firefox 18 and newer",
  howpublished = "\url{http://blog.concord.org/serious-performance-regression-in-firefox-18-and-newer}",
  note = "[Online; 16.05.2014]"
}

@misc{SVGPerformance,
  author = "Boris Smus",
  title = "Performance of Canvas versus SVG",
  howpublished = "\url{http://smus.com/canvas-vs-svg-performance/}",
  note = "[Online; 16.05.2014]"
}

@misc{SVGNamespaces,
  author = "Diverse",
  title = "Appendix B: SVG Document Object Model"
  howpublished = "\url{http://www.w3.org/TR/SVG/svgdom.html}",
  note = "[Online; 16.05.2014]"
}

@misc{RaphaelJS,
  author = "Dmitry Baranovskiy",
  title = "Raphael--JavaScript Library",
  howpublished = "\url{http://raphaeljs.com/}",
  note = "[Online; 16.05.2014]"
}

@misc{Gravitas,
  author = "Lucas Severyn",
  title = "Gravitas",
  howpublished = "\url{https://github.com/petehamilton/gravitas}",
  note = "[Online; 16.05.2014]"
}

@misc{SVGSpec,
  author = "Diverse",
  title = "Scalable Vector Graphics (SVG) 1.1",
  howpublished = "\url{http://www.w3.org/TR/SVG/}",
  note = "[Online; 16.05.2014]"
}

@misc{SMILSpec,
  author = "Diverse",
  title = "Synchronized Multimedia Integration Language (SMIL 3.0)",
  howpublished = "\url{http://www.w3.org/TR/smil/}",
  note = "[Online; 16.05.2014]"
}

@misc{PixiJS,
  author = "Diverse",
  title = "Pixi.js",
  howpublished = "\url{https://github.com/GoodBoyDigital/pixi.js/}",
  note = "[Online; 16.05.2014]"
}

@misc{WebGLTextRender,
  author = "Diverse",
  title = "WebGL text using a canvas texture",
  howpublished = "\url{http://delphic.me.uk/webgltext.html}",
  note = "[Online; 16.05.2014]"
}

@misc{WebGLSpec,
  author = "Dean Jackson",
  title = "WebGL Specification",
  howpublished = "\url{http://www.khronos.org/registry/webgl/specs/latest/1.0/}",
  note = "[Online; 16.05.2014]"
}

@misc{OpenGLSpec,
  author = "Aaftab Munshi, Jon Leech",
  title = "OpenGL ES Common Profile Specification",
  howpublished = "\url{http://www.khronos.org/registry/gles/specs/2.0/es_full_spec_2.0.25.pdf}",
  note = "[Online; 16.05.2014]"
}

@misc{CanvasPerf,
  author = "Boris Smus",
  title = "Leistungsverbesserung des HTML5-Canvas",
  howpublished = "\url{http://www.html5rocks.com/de/tutorials/canvas/performance/}",
  note = "[Online; 16.05.2014]"
}

@misc{EaselJS,
  author = "Diverse",
  title = "EaselJS",
  howpublished = "\url{http://www.createjs.com/#!/EaselJS}",
  note = "[Online; 16.05.2014]"
}

@misc{KineticJS,
  author = "Diverse",
  title = "KineticJS",
  howpublished = "\url{http://kineticjs.com/}",
  note = "[Online; 16.05.2014]"
}

@misc{RequestAnim,
  author = "James Robinson, Cameron McCormack",
  title = "Timing control for script-based animations",
  howpublished = "\url{http://www.w3.org/TR/animation-timing/}",
  note = "[Online; 16.05.2014]"
}

@misc{CanvasUmfang,
  author = "Diverse",
  title = "Canvas (HTML-Element)",
  howpublished = "\url{http://de.wikipedia.org/wiki/Canvas_(HTML-Element)}",
  note = "[Online; 16.05.2014]"
}

@misc{CanvasSpec,
  author = "Diverse",
  title = "The canvas element",
  howpublished = "\url{http://www.whatwg.org/specs/web-apps/current-work/multipage/the-canvas-element.html}",
  note = "[Online; 16.05.2014]"
}

%Listings und Bilder

@misc{CanvasExample,
  author = "Diverse",
  title = "Stackoverflow",
  howpublished = "\url{http://stackoverflow.com/questions/16021502/html-5-2d-canvas-animation-clearing}",
  note = "[Online; 16.05.2014]"
}

@misc{CanIUseCanvas,
  author = "Diverse",
  title = "CanIUse.com",
  howpublished = "\url{http://caniuse.com/#feat=canvas}",
  note = "[Online; 16.05.2014]"
}

@misc{PixiJSExample,
  author = "Diverse",
  title = "Pixi.js",
  howpublished = "\url{https://github.com/GoodBoyDigital/pixi.js/}",
  note = "[Online; 16.05.2014]"
}

@misc{WebGLExample,
  author = "Gregg Tavares",
  title = "WebGL Fundamentals",
  howpublished = "\url{http://www.html5rocks.com/en/tutorials/webgl/webgl_fundamentals/}",
  note = "[Online; 16.05.2014]"
}

@misc{CanIUseCSS3,
  author = "Diverse",
  title = "CanIUse.com",
  howpublished = "\url{http://caniuse.com/#feat=transforms2d}",
  note = "[Online; 16.05.2014]"
}